@article{Arnold_2005,
	title={Transit Light‐Curve Signatures of Artificial Objects},
	volume={627},
	ISSN={1538-4357},
	url={http://dx.doi.org/10.1086/430437},
	DOI={10.1086/430437},
	number={1},
	journal={The Astrophysical Journal},
	publisher={American Astronomical Society},
	author={Arnold, Luc F. A.},
	year={2005},
	month=jul, pages={534–539} }
